[gd_scene load_steps=13 format=2]

[ext_resource path="res://art/arrow.png" type="Texture" id=1]
[ext_resource path="res://src/Tile.gd" type="Script" id=2]
[ext_resource path="res://art/tile_thing.png" type="Texture" id=3]
[ext_resource path="res://Decay.tscn" type="PackedScene" id=4]
[ext_resource path="res://art/arrow_red.png" type="Texture" id=5]
[ext_resource path="res://StateEffects.tscn" type="PackedScene" id=6]
[ext_resource path="res://art/PositiveEffect.png" type="Texture" id=7]
[ext_resource path="res://art/NegativeEffect.png" type="Texture" id=8]

[sub_resource type="Curve" id=1]
max_value = 8.0
_data = [ Vector2( 0.0477223, 1 ), 0.0, 0.0, 0, 0, Vector2( 0.520607, 7.75862 ), 0.0, 0.0, 0, 0, Vector2( 0.993492, 0.810345 ), 0.0, 0.0, 0, 0 ]

[sub_resource type="Gradient" id=2]
colors = PoolColorArray( 0.890196, 0.894118, 0.309804, 1, 0.945098, 0.482353, 0.145098, 1 )

[sub_resource type="Animation" id=3]
resource_name = "decayDie"
tracks/0/type = "bezier"
tracks/0/path = NodePath("AnimRoot:scale:x")
tracks/0/interp = 1
tracks/0/loop_wrap = true
tracks/0/imported = false
tracks/0/enabled = true
tracks/0/keys = {
"points": PoolRealArray( 1, -0.25, 0, 0.162775, -0.772312, 0.531397, -0.186127, -0.00322092, 0.25, 0 ),
"times": PoolRealArray( 0, 1 )
}
tracks/1/type = "bezier"
tracks/1/path = NodePath("AnimRoot:scale:y")
tracks/1/interp = 1
tracks/1/loop_wrap = true
tracks/1/imported = false
tracks/1/enabled = true
tracks/1/keys = {
"points": PoolRealArray( 1, -0.25, 0, 0.236104, -0.820111, 0.536589, -0.25, 0, 0.25, 0 ),
"times": PoolRealArray( 0, 1 )
}
tracks/2/type = "value"
tracks/2/path = NodePath("AnimRoot:modulate")
tracks/2/interp = 1
tracks/2/loop_wrap = true
tracks/2/imported = false
tracks/2/enabled = true
tracks/2/keys = {
"times": PoolRealArray( 0, 1 ),
"transitions": PoolRealArray( 1, 1 ),
"update": 0,
"values": [ Color( 1, 1, 1, 1 ), Color( 1, 0, 0, 0 ) ]
}

[sub_resource type="Animation" id=4]
tracks/0/type = "bezier"
tracks/0/path = NodePath("AnimRoot:scale:x")
tracks/0/interp = 1
tracks/0/loop_wrap = true
tracks/0/imported = false
tracks/0/enabled = true
tracks/0/keys = {
"points": PoolRealArray( 1, -0.25, 0, 0, -0.998114, 1e-05, 0, 0.534741, 0.25, 0 ),
"times": PoolRealArray( 0, 1 )
}
tracks/1/type = "bezier"
tracks/1/path = NodePath("AnimRoot:scale:y")
tracks/1/interp = 1
tracks/1/loop_wrap = true
tracks/1/imported = false
tracks/1/enabled = true
tracks/1/keys = {
"points": PoolRealArray( 1, -0.25, 0, 0, -0.989379, 1e-05, -0.0413026, 0.569683, 0.25, 0 ),
"times": PoolRealArray( 0, 1 )
}
tracks/2/type = "value"
tracks/2/path = NodePath("CPUParticles2D:emitting")
tracks/2/interp = 1
tracks/2/loop_wrap = true
tracks/2/imported = false
tracks/2/enabled = true
tracks/2/keys = {
"times": PoolRealArray( 0 ),
"transitions": PoolRealArray( 1 ),
"update": 1,
"values": [ true ]
}
tracks/3/type = "value"
tracks/3/path = NodePath("AnimRoot:modulate")
tracks/3/interp = 1
tracks/3/loop_wrap = true
tracks/3/imported = false
tracks/3/enabled = true
tracks/3/keys = {
"times": PoolRealArray( 0.7, 1 ),
"transitions": PoolRealArray( 1, 1 ),
"update": 0,
"values": [ Color( 1, 1, 1, 1 ), Color( 1, 1, 1, 0 ) ]
}

[node name="Tile" type="Node2D"]
pause_mode = 1
position = Vector2( 441.987, 146.101 )
script = ExtResource( 2 )
greenArrow = ExtResource( 1 )
redArrow = ExtResource( 5 )

[node name="Area2D" type="Area2D" parent="."]

[node name="CollisionPolygon2D" type="CollisionPolygon2D" parent="Area2D"]
position = Vector2( -640.775, -152.523 )
polygon = PoolVector2Array( 602.566, 73.5586, 556.887, 152.207, 605.744, 230.856, 676.448, 230.061, 724.909, 152.604, 678.832, 74.7502 )

[node name="Shape" type="ColorRect" parent="."]
margin_left = -77.9025
margin_top = -69.805
margin_right = 74.0975
margin_bottom = 69.195
mouse_filter = 1
color = Color( 1, 1, 1, 0 )
__meta__ = {
"_edit_use_anchors_": false
}

[node name="AnimRoot" type="Node2D" parent="."]

[node name="Influences" type="Node2D" parent="AnimRoot"]
z_index = 1

[node name="arrow" type="Sprite" parent="AnimRoot/Influences"]
position = Vector2( -4.11155, -99.0721 )
texture = ExtResource( 1 )

[node name="arrow2" type="Sprite" parent="AnimRoot/Influences"]
position = Vector2( 82.3565, -54.3165 )
rotation = 1.0472
texture = ExtResource( 1 )

[node name="arrow3" type="Sprite" parent="AnimRoot/Influences"]
position = Vector2( 85.7479, 42.9827 )
rotation = 2.0944
texture = ExtResource( 1 )

[node name="arrow4" type="Sprite" parent="AnimRoot/Influences"]
position = Vector2( 4.1026, 94.8463 )
rotation = 3.14159
texture = ExtResource( 1 )

[node name="arrow5" type="Sprite" parent="AnimRoot/Influences"]
position = Vector2( -82.0621, 50.1617 )
rotation = 4.18879
texture = ExtResource( 1 )

[node name="arrow6" type="Sprite" parent="AnimRoot/Influences"]
position = Vector2( -85.7709, -46.9417 )
rotation = 5.23599
texture = ExtResource( 1 )

[node name="tile" type="Sprite" parent="AnimRoot"]
position = Vector2( 0, 5 )
texture = ExtResource( 3 )

[node name="EmotionSprite" type="Sprite" parent="AnimRoot"]
position = Vector2( 0, -5 )
scale = Vector2( 0.5, 0.5 )

[node name="Decay" parent="AnimRoot" instance=ExtResource( 4 )]
position = Vector2( -32.5087, 46.3939 )
decayIncrease = 0

[node name="StateEffects" parent="AnimRoot" instance=ExtResource( 6 )]
visible = false
healSprite = ExtResource( 7 )
decaySprite = ExtResource( 8 )

[node name="CPUParticles2D" type="CPUParticles2D" parent="."]
position = Vector2( 0, -0.794434 )
emitting = false
amount = 100
lifetime = 2.0
one_shot = true
speed_scale = 2.14
explosiveness = 0.1
emission_shape = 2
emission_rect_extents = Vector2( 1, 1 )
direction = Vector2( -1, 0 )
spread = 180.0
gravity = Vector2( 0, 10 )
initial_velocity = 50.0
initial_velocity_random = 1.0
angle_random = 0.8
scale_amount_curve = SubResource( 1 )
color_ramp = SubResource( 2 )
hue_variation_random = 0.09

[node name="RemovalAnimation" type="AnimationPlayer" parent="."]
anims/decayDie = SubResource( 3 )
anims/score = SubResource( 4 )
[connection signal="area_entered" from="Area2D" to="." method="_on_Area2D_area_entered"]
[connection signal="area_exited" from="Area2D" to="." method="_on_Area2D_area_exited"]
[connection signal="gui_input" from="Shape" to="." method="_on_Shape_gui_input"]
[connection signal="mouse_entered" from="Shape" to="." method="_on_Shape_mouse_entered"]
[connection signal="mouse_exited" from="Shape" to="." method="_on_Shape_mouse_exited"]
